[gd_scene load_steps=7 format=2]

[ext_resource path="res://Mobs/Generic/Mob.gd" type="Script" id=1]
[ext_resource path="res://Mobs/Generic/Hurtbox.tscn" type="PackedScene" id=2]
[ext_resource path="res://Mobs/Generic/Hitbox.tscn" type="PackedScene" id=3]
[ext_resource path="res://Mobs/Generic/Stats.tscn" type="PackedScene" id=4]
[ext_resource path="res://Mobs/Generic/SoftCollision.tscn" type="PackedScene" id=5]
[ext_resource path="res://Items/LootGenerator.tscn" type="PackedScene" id=6]

[node name="Mob" type="KinematicBody2D"]
script = ExtResource( 1 )

[node name="MobCollision" type="CollisionShape2D" parent="."]

[node name="Stats" parent="." instance=ExtResource( 4 )]

[node name="Hurtbox" parent="." instance=ExtResource( 2 )]

[node name="Hitbox" parent="." instance=ExtResource( 3 )]

[node name="AutoAttackTimer" type="Timer" parent="."]
one_shot = true

[node name="SoftCollision" parent="." instance=ExtResource( 5 )]

[node name="LootGenerator" parent="." instance=ExtResource( 6 )]
[connection signal="no_health" from="Stats" to="." method="_on_Stats_no_health"]
[connection signal="area_entered" from="Hurtbox" to="." method="_on_Hurtbox_area_entered"]
[connection signal="area_entered" from="Hitbox" to="." method="_on_Hitbox_area_entered"]
[connection signal="timeout" from="AutoAttackTimer" to="." method="_on_AutoAttackTimer_timeout"]

[editable path="Hurtbox"]

[editable path="Hitbox"]
